@string(RED="Review of Economic Dynamics")
@string(JME="Journal of Monetary Economics")
@string(JAE="Journal of Applied Econometrics")
@string(JEDC="Journal of Economic Dynamics and Control")
@string(AER="American Economic Review")
@string(JMCB="Journal of Money, Credit and Banking")
@string(RES="Review of Economics and Statistics");
@string(AEJM="American Economic Journal: Macroeconomics");

@article{wsj,
  title="Does It Pay to Start at Community College? Maybe",
  author="Jillian Berman",
  journal="Wall Street Journal",
  date="September 9",
  year=2016
  }

@misc{jenkins,
  author="Davis Jenkins and John Fink",
  title="Tracking Transfer: New Measures of Institutional and State Effectiveness in Helping Community College Students Attain Bachelor's Degrees",
  note="Communitiy College Research Center Report",
  date="January",
  year=2016
  }
  

@article{km2016,
  author="Sloan Komissarov and James Murray",
  title="Factors that influence undergraduate information-seeking behavior and opportunities for student success",
  journal="Journal of Academic Librarianship",
  volume=42,
  pages="423-429",
  year=2016
}

@book{dweck2012,
  author="Carol S. Dweck",
  title="Mindset: Changing the way you think to fulfill your potential",
  publisher="Constable \& Robinson Limited",
  address="New York",
  year=2012,
}

@article{dweck2010,
  author="Carol S. Dweck",
  title="Even geniuses work hard",
  journal="Educational Leadership",
  volume=68,
  issue=1,
  pages="16-21",
  year=2010
}

@article{schmidt,
  title={Exploring Teacher Effects for Mindset Intervention Outcomes in Seventh-Grade Science Classes},
  author={Jennifer A. Schmidt and Lee Shumow and Hayal Kackar-Cam},
  journal="Middle Grades Research Journal",
  volume=10,
  issue=2,
  pages="17-32",
  year=2015
}

